@Book{Prodanov2013,
  author    = {Prodanov, Cleber Cristiano and de Freitas, Ernani Cesar},
  publisher = {FEEVALE},
  title     = {{Metodologia do trabalho cient{\'{i}}fico: M{\'{e}}todos e T{\'{e}}cnicas da Pesquisa e do Trabalho Acad{\^{e}}mico}},
  year      = {2013},
  address   = {Novo Hamburgo},
  edition   = {2},
  isbn      = {978-85-7717-158-3},
  pages     = {276},
  url       = {http://www.feevale.br/Comum/midias/8807f05a-14d0-4d5b-b1ad-1538f3aef538/E-book Metodologia do Trabalho Cientifico.pdf},
}

@Misc{Wikipedia2005,
  author        = {Wikipedia},
  title         = {Pok√©mon},
  year          = {2005},
  url           = {https://pt.wikipedia.org/wiki/Pokemon},
  urlaccessdate = {27 jul. 2024},
}

@article{Zhang2019,
    author = {Zhang, Yanyang and Gao, Xiang and Smith, Kate and Inial, Goulven and Liu, Shuming and Conil, Lenny B. and Pan, Bingcai},
    doi = {10.1016/j.watres.2019.114888},
    issn = {00431354},
    journal = {Water Research},
    month = {nov},
    pages = {114888},
    pmid = {31377525},
    publisher = {Elsevier Ltd},
    title = {{Integrating water quality and operation into prediction of water production in drinking water treatment plants by genetic algorithm enhanced artificial neural network}},
    url = {https://doi.org/10.1016/j.watres.2019.114888 https://linkinghub.elsevier.com/retrieve/pii/S0043135419306621},
    volume = {164},
    year = {2019}
}

@Comment{jabref-meta: databaseType:bibtex;}
